<record><leader>00000cas a2200000 a 4500</leader><controlfield tag="001">8820852</controlfield><controlfield tag="008">820930d18601861inuwr ne      0    0eng  </controlfield><datafield ind1=" " ind2=" " tag="010"><subfield code="a">sn 82015476 </subfield></datafield><datafield ind1=" " ind2=" " tag="040"><subfield code="a">DLC</subfield><subfield code="b">eng</subfield><subfield code="c">DLC</subfield><subfield code="d">NPX</subfield><subfield code="d">NPI</subfield><subfield code="d">DLC</subfield><subfield code="d">NPI</subfield><subfield code="d">NVF</subfield><subfield code="d">DLC</subfield><subfield code="d">OCLCQ</subfield></datafield><datafield ind1=" " ind2=" " tag="042"><subfield code="a">pcc</subfield></datafield><datafield ind1=" " ind2=" " tag="043"><subfield code="a">n-us-in</subfield></datafield><datafield ind1="0" ind2="0" tag="050"><subfield code="a">Newspaper 7724</subfield></datafield><datafield ind1="0" ind2="4" tag="245"><subfield code="a">The Indiana State guard.</subfield></datafield><datafield ind1=" " ind2=" " tag="260"><subfield code="a">Indianapolis, Ind. :</subfield><subfield code="b">Elder &amp; Harkness,</subfield><subfield code="c">1860-1861.</subfield></datafield><datafield ind1=" " ind2=" " tag="300"><subfield code="a">1 v. ;</subfield><subfield code="c">61 cm.</subfield></datafield><datafield ind1=" " ind2=" " tag="310"><subfield code="a">Weekly</subfield></datafield><datafield ind1="0" ind2=" " tag="362"><subfield code="a">Vol. 2, no. 1 (Nov. 10, 1860)-v. 2, no. 38 (July 27, 1861).</subfield></datafield><datafield ind1=" " ind2=" " tag="530"><subfield code="a">Also issued on microfilm from the Library of Congress, Photoduplication Service.</subfield></datafield><datafield ind1=" " ind2=" " tag="752"><subfield code="a">United States</subfield><subfield code="b">Indiana</subfield><subfield code="c">Marion</subfield><subfield code="d">Indianapolis.</subfield></datafield><datafield ind1="0" ind2="4" tag="780"><subfield code="t">Old line guard</subfield><subfield code="w">(DLC)sn 82015680</subfield></datafield><datafield ind1="0" ind2="4" tag="780"><subfield code="t">Locomotive (Indianapolis, Ind.)</subfield><subfield code="w">(DLC)sn 83025627</subfield></datafield><datafield ind1="0" ind2="4" tag="785"><subfield code="t">Indiana State sentinel (Indianapolis, Ind. : 1861)</subfield><subfield code="w">(DLC)sn 82014306</subfield></datafield><datafield ind1="1" ind2=" " tag="029"><subfield code="a">AU@</subfield><subfield code="b">000025831498</subfield></datafield></record>